<?xml version="1.0" encoding="UTF-8"?>
<record xmlns="http://www.loc.gov/MARC21/slim"><!-- Length implementation at offset 22 should hold a digit. Assuming 0 -->
   <leader>01104 am a2200277Ii 4500</leader>
   <controlfield tag="001">7056804</controlfield>
   <controlfield tag="003">OCoLC</controlfield>
   <controlfield tag="005">20150721162447.0</controlfield>
   <controlfield tag="008">150721s1963    abcab        s000 0 eng  </controlfield>
   <datafield tag="040" ind1=" " ind2=" ">
      <subfield code="a">UAB</subfield>
      <subfield code="b">eng</subfield>
      <subfield code="e">rda</subfield>
      <subfield code="c">UAB</subfield>
   </datafield>
   <datafield tag="043" ind1=" " ind2=" ">
      <subfield code="a">n-cn-ab</subfield>
   </datafield>
   <datafield tag="050" ind1=" " ind2="4">
      <subfield code="a">FC3695.V25</subfield>
      <subfield code="b">S87 1963</subfield>
   </datafield>
   <datafield tag="090" ind1=" " ind2=" ">
      <subfield code="a">FC 3695 V25 S87 1963</subfield>
      <subfield code="b">AEU</subfield>
   </datafield>
   <datafield tag="240" ind1="0" ind2="0">
      <subfield code="a">Survey of Vegreville /</subfield>
   </datafield>
   <datafield tag="245" ind1="0" ind2="0">
      <subfield code="a">Survey of Vegreville / Revised October 1963.</subfield>
      <subfield code="c">prepared by Industrial Development Branch, Department of Industry &amp; Development, Government of the Province of Alberta.</subfield>
   </datafield>
   <datafield tag="250" ind1=" " ind2=" ">
      <subfield code="a">Revised October 1963.</subfield>
   </datafield>
   <datafield tag="260" ind1=" " ind2=" ">
      <subfield code="a">[Edmonton, Alberta] :</subfield>
      <subfield code="b">[Industrial Development Branch, Department of Industry and Development, Government of the Province of Alberta],</subfield>
      <subfield code="c">[1963]</subfield>
   </datafield>
   <datafield tag="300" ind1=" " ind2=" ">
      <subfield code="a">12 pages :</subfield>
      <subfield code="b">illustrations, map ;</subfield>
      <subfield code="c">26 cm</subfield>
   </datafield>
   <datafield tag="336" ind1=" " ind2=" ">
      <subfield code="a">text</subfield>
      <subfield code="b">txt</subfield>
      <subfield code="2">rdacontent</subfield>
   </datafield>
   <datafield tag="337" ind1=" " ind2=" ">
      <subfield code="a">unmediated</subfield>
      <subfield code="b">n</subfield>
      <subfield code="2">rdamedia</subfield>
   </datafield>
   <datafield tag="338" ind1=" " ind2=" ">
      <subfield code="a">volume</subfield>
      <subfield code="b">nc</subfield>
      <subfield code="2">rdacarrier</subfield>
   </datafield>
   <datafield tag="500" ind1=" " ind2=" ">
      <subfield code="a">Map on inside front cover.</subfield>
   </datafield>
   <datafield tag="651" ind1=" " ind2="0">
      <subfield code="a">Vegreville (Alta.)</subfield>
   </datafield>
   <datafield tag="651" ind1=" " ind2="0">
      <subfield code="a">Vegreville (Alta.)</subfield>
      <subfield code="x">Economic conditions.</subfield>
   </datafield>
   <datafield tag="710" ind1="1" ind2=" ">
      <subfield code="a">Alberta.</subfield>
      <subfield code="b">Industrial Development Branch,</subfield>
      <subfield code="e">issuing body.</subfield>
   </datafield>
   <datafield tag="596" ind1=" " ind2=" ">
      <subfield code="a">38</subfield>
   </datafield>
   <datafield tag="926" ind1=" " ind2=" ">
      <subfield code="a">UABARD</subfield>
      <subfield code="b">ON_SHELF</subfield>
      <subfield code="c">FC 3695 V25 S87 1963</subfield>
      <subfield code="d">BOOK</subfield>
      <subfield code="f">1</subfield>
   </datafield>
</record>
